<?xml version="1.0" encoding="UTF-8"?><record xmlns="http://www.loc.gov/MARC21/slim" xmlns:cinclude="http://apache.org/cocoon/include/1.0" xmlns:zs="http://www.loc.gov/zing/srw/">
  <leader>00367nz  a2200121n  4500</leader>
  <controlfield tag="001">n 2002105841</controlfield>
  <controlfield tag="003">DLC</controlfield>
  <controlfield tag="005">20020731110637.0</controlfield>
  <controlfield tag="008">020731n| acannaabn          |n aaa      </controlfield>
  <datafield tag="010" ind1=" " ind2=" ">
    <subfield code="a">n 2002105841</subfield>
  </datafield>
  <datafield tag="040" ind1=" " ind2=" ">
    <subfield code="a">DLC</subfield>
    <subfield code="b">eng</subfield>
    <subfield code="c">DLC</subfield>
  </datafield>
  <datafield tag="100" ind1="1" ind2=" ">
    <subfield code="a">Summers, Selena,</subfield>
    <subfield code="d">1945-</subfield>
  </datafield>
  <datafield tag="670" ind1=" " ind2=" ">
    <subfield code="a">Summers, Selena. Feng shui in 5 minutes, 2002:</subfield>
    <subfield code="b">CIP t.p. (Selena Summers) data sheet (b. Feb. 5, 1945)</subfield>
  </datafield>
</record>